@article{hey1947radar,
  title={Radar observations of meteors},
  author={Hey, James S and Stewart, GS},
  journal={Proceedings of the Physical Society},
  volume={59},
  number={5},
  pages={858},
  year={1947},
  publisher={IOP Publishing}
}

@online{fig_ArdEthernet,
  journal = {Paulvollmer},
  title = {Fritzing Parts},
  subtitle = {Arduino_Ethernet},
  year = {c2018},
  urldate = {2019-05-05},
  url = {https://paulvollmer.net/FritzingParts/parts/Arduino_Ethernet.html},
}


@misc{fig_ArdEthShield,
  journal = {Arduino},
  title = {Using the SD library to create and remove files on a SD card},
  year = {c2019},
  medium = {online},
  accessed = {2019-05-05},
  URL = {https://www.arduino.cc/en/tutorial/files},
}

@misc{fig_switchIcon,
  journal = {Free Icons Library},
  title = {Lan Switch Icon \#83279},
  year = {c2018-2019},
  medium = {online},
  accessed = {2019-05-05},
  URL = {http://chittagongit.com/icon/lan-switch-icon-25.html},
}

@misc{fig_ArdDue,
  journal = {Paulvollmer},
  title = {Fritzing Parts},
  subtitle = {Arduino_DUE_V02b},
  year = {c2018},
  medium = {online},
  accessed = {2019-05-05},
  URL = {https://paulvollmer.net/FritzingParts/parts/Arduino_DUE_V02b.html},
}
